@article{Lommen_2015,
	doi = {10.1088/0034-4885/78/12/124901},
	url = {https://doi.org/10.1088/0034-4885/78/12/124901},
	year = 2015,
	month = {nov},
	publisher = {{IOP} Publishing},
	volume = {78},
	number = {12},
	pages = {124901},
	author = {Andrea N Lommen},
	title = {Pulsar timing arrays: the promise of gravitational wave detection},
	journal = {Reports on Progress in Physics},
	
}

@MISC{(What are gravitational waves)
howpublished={\url{https://www.ligo.caltech.edu/page/what-are-gw}}
}

@MISC{( gravitational waves)
howpublished={\url{https://www.sciline.org/phys-math/gravitational-waves}}
}