
@article{Lines_2014,
	doi = {10.1088/2041-8205/782/1/l11},
	url = {https://doi.org/10.1088/2041-8205/782/1/l11},
	year = 2014,
	month = {jan},
	publisher = {American Astronomical Society},
	volume = {782},
	number = {1},
	pages = {L11},
	author = {S. Lines and Z. M. Leinhardt and S. Paardekooper and C. Baruteau and P. Thebault},
	title = {{FORMING} {CIRCUMBINARY} {PLANETS}:
		                    N
		                    -{BODY} {SIMULATIONS} {OF} {KEPLER}-34},
	journal = {The Astrophysical Journal},
	
}